<record xmlns="http://www.loc.gov/MARC21/slim">
   <leader>06012nam a2200589 i 4500</leader>
   <controlfield tag="001">6813180</controlfield>
   <controlfield tag="005">20150222143833.0</controlfield>
   <controlfield tag="006">m    eo  d        </controlfield>
   <controlfield tag="007">cr cn |||m|||a</controlfield>
   <controlfield tag="008">150222s2015    caua   foab   000 0 eng d</controlfield>
   <datafield ind1=" " ind2=" " tag="020">
      <subfield code="a">9781627053662</subfield>
      <subfield code="q">ebook</subfield>
   </datafield>
   <datafield ind1=" " ind2=" " tag="020">
      <subfield code="z">9781627053655</subfield>
      <subfield code="q">print</subfield>
   </datafield>
   <datafield ind1="7" ind2=" " tag="024">
      <subfield code="a">10.2200/S00626ED1V01Y201501AIM030</subfield>
      <subfield code="2">doi</subfield>
   </datafield>
   <datafield ind1=" " ind2=" " tag="035">
      <subfield code="a">ocn903883121</subfield>
   </datafield>
   <datafield ind1=" " ind2=" " tag="039">
      <subfield code="a">exclude</subfield>
   </datafield>
   <datafield ind1=" " ind2=" " tag="040">
      <subfield code="a">CaBNVSL</subfield>
      <subfield code="b">eng</subfield>
      <subfield code="e">rda</subfield>
      <subfield code="c">CaBNVSL</subfield>
      <subfield code="d">CaBNVSL</subfield>
      <subfield code="d">AEU</subfield>
   </datafield>
   <datafield ind1=" " ind2="4" tag="050">
      <subfield code="a">Q325.5</subfield>
      <subfield code="b">.B455 2015</subfield>
   </datafield>
   <datafield ind1="0" ind2="4" tag="082">
      <subfield code="a">006.31</subfield>
      <subfield code="2">23</subfield>
   </datafield>
   <datafield ind1=" " ind2=" " tag="090">
      <subfield code="a">Internet Access</subfield>
      <subfield code="b">AEU</subfield>
   </datafield>
   <datafield ind1="1" ind2=" " tag="100">
      <subfield code="a">Bellet, Aurélien.,</subfield>
      <subfield code="e">author.</subfield>
   </datafield>
   <datafield ind1="1" ind2="0" tag="245">
      <subfield code="a">Metric learning /</subfield>
      <subfield code="c">Aurélien Bellet, Amaury Habrard, Marc Sebban.</subfield>
   </datafield>
   <datafield ind1=" " ind2="1" tag="264">
      <subfield code="a">San Rafael, California (1537 Fourth Street, San Rafael, CA  94901 USA) :</subfield>
      <subfield code="b">Morgan &amp; Claypool,</subfield>
      <subfield code="c">2015.</subfield>
   </datafield>
   <datafield ind1=" " ind2=" " tag="300">
      <subfield code="a">1 online resource (xi, 139 pages) :</subfield>
      <subfield code="b">illustrations.</subfield>
   </datafield>
   <datafield ind1=" " ind2=" " tag="336">
      <subfield code="a">text</subfield>
      <subfield code="2">rdacontent</subfield>
   </datafield>
   <datafield ind1=" " ind2=" " tag="337">
      <subfield code="a">electronic</subfield>
      <subfield code="2">isbdmedia</subfield>
   </datafield>
   <datafield ind1=" " ind2=" " tag="338">
      <subfield code="a">online resource</subfield>
      <subfield code="2">rdacarrier</subfield>
   </datafield>
   <datafield ind1="1" ind2=" " tag="490">
      <subfield code="a">Synthesis lectures on artificial intelligence and machine learning,</subfield>
      <subfield code="x">1939-4616 ;</subfield>
      <subfield code="v"># 30</subfield>
   </datafield>
   <datafield ind1=" " ind2=" " tag="500">
      <subfield code="a">Part of: Synthesis digital library of engineering and computer science.</subfield>
   </datafield>
   <datafield ind1=" " ind2=" " tag="504">
      <subfield code="a">Includes bibliographical references (pages 115-138).</subfield>
   </datafield>
   <datafield ind1="0" ind2=" " tag="505">
      <subfield code="a">1. Introduction -- 1.1 Metric learning in a nutshell -- 1.2 Related topics -- 1.3 Prerequisites and notations -- 1.4 Outline --</subfield>
   </datafield>
   <datafield ind1="8" ind2=" " tag="505">
      <subfield code="a">2. Metrics -- 2.1 General definitions -- 2.2 Commonly used metrics -- 2.2.1 Metrics for numerical data -- 2.2.2 Metrics for structured data -- 2.3 Metrics in machine learning and data mining --</subfield>
   </datafield>
   <datafield ind1="8" ind2=" " tag="505">
      <subfield code="a">3. Properties of metric learning algorithms --</subfield>
   </datafield>
   <datafield ind1="8" ind2=" " tag="505">
      <subfield code="a">4. Linear metric learning -- 4.1 Mahalanobis distance learning -- 4.1.1 Early approaches -- 4.1.2 Regularized approaches -- 4.2 Linear similarity learninG -- 4.3 Large-scale metric learning -- 4.3.1 Large n: online, stochastic and distributed optimization -- 4.3.2 Large d: metric learning in high dimensions -- 4.3.3 Large n and large d --</subfield>
   </datafield>
   <datafield ind1="8" ind2=" " tag="505">
      <subfield code="a">5. Nonlinear and local metric learning -- 5.1 Nonlinear methods -- 5.1.1 Kernelization of linear methods -- 5.1.2 Learning nonlinear forms of metrics -- 5.2 Learning multiple local metrics --</subfield>
   </datafield>
   <datafield ind1="8" ind2=" " tag="505">
      <subfield code="a">6. Metric learning for special settings -- 6.1 Multi-task and transfer learning -- 6.2 Learning to rank -- 6.3 Semi-supervised learning -- 6.3.1 Classic setting -- 6.3.2 Domain adaptation -- 6.4 Histogram data --</subfield>
   </datafield>
   <datafield ind1="8" ind2=" " tag="505">
      <subfield code="a">7. Metric learning for structured data -- 7.1 String edit distance learning -- 7.1.1 Probabilistic methods -- 7.1.2 Gradient descent methods -- 7.2 Tree and graph edit distance learning -- 7.3 Metric learning for time series --</subfield>
   </datafield>
   <datafield ind1="8" ind2=" " tag="505">
      <subfield code="a">8. Generalization guarantees for metric learning -- 8.1 Overview of existing work -- 8.2 Consistency bounds for metric learning -- 8.2.1 Definitions -- 8.2.2 Bounds based on uniform stability -- 8.2.3 Bounds based on algorithmic robustness -- 8.3 Guarantees on classification performance -- 8.3.1 Good similarity learning for linear classification -- 8.3.2 Bounds based on Rademacher complexity --</subfield>
   </datafield>
   <datafield ind1="8" ind2=" " tag="505">
      <subfield code="a">9. Applications -- 9.1 Computer vision -- 9.2 Bioinformatics -- 9.3 Information retrieval --</subfield>
   </datafield>
   <datafield ind1="8" ind2=" " tag="505">
      <subfield code="a">10. Conclusion -- 10.1 Summary -- 10.2 Outlook --</subfield>
   </datafield>
   <datafield ind1="8" ind2=" " tag="505">
      <subfield code="a">A. Proofs of chapter 8 -- Uniform stability -- Algorithmic robustness -- Similarity-based linear classifiers -- Bibliography -- Authors' biographies.</subfield>
   </datafield>
   <datafield ind1=" " ind2=" " tag="506">
      <subfield code="a">Access restricted to authorized users and institutions.</subfield>
   </datafield>
   <datafield ind1="3" ind2=" " tag="520">
      <subfield code="a">Similarity between objects plays an important role in both human cognitive processes and artificial systems for recognition and categorization. How to appropriately measure such similarities for a given task is crucial to the performance of many machine learning, pattern recognition and data mining methods. This book is devoted to metric learning, a set of techniques to automatically learn similarity and distance functions from data that has attracted a lot of interest in machine learning and related fields in the past ten years. In this book, we provide a thorough review of the metric learning literature that covers algorithms, theory and applications for both numerical and structured data. We first introduce relevant definitions and classic metric functions, as well as examples of their use in machine learning and data mining. We then review a wide range of metric learning algorithms, starting with the simple setting of linear distance and similarity learning. We show how one may scale-up these methods to very large amounts of training data. To go beyond the linear case, we discuss methods that learn nonlinear metrics or multiple linear metrics throughout the feature space, and review methods for more complex settings such as multi-task and semi-supervised learning. Although most of the existing work has focused on numerical data, we cover the literature on metric learning for structured data like strings, trees, graphs and time series. In the more technical part of the book, we present some recent statistical frameworks for analyzing the generalization performance in metric learning and derive results for some of the algorithms presented earlier. Finally, we illustrate the relevance of metric learning in real-world problems through a series of successful applications to computer vision, bioinformatics and information retrieval.</subfield>
   </datafield>
   <datafield ind1=" " ind2=" " tag="588">
      <subfield code="a">Title from PDF title page (viewed on February 22, 2015).</subfield>
   </datafield>
   <datafield ind1=" " ind2=" " tag="596">
      <subfield code="a">44</subfield>
   </datafield>
   <datafield ind1=" " ind2="0" tag="650">
      <subfield code="a">Machine learning.</subfield>
   </datafield>
   <datafield ind1="1" ind2=" " tag="700">
      <subfield code="a">Habrard, Amaury.,</subfield>
      <subfield code="e">author.</subfield>
   </datafield>
   <datafield ind1="1" ind2=" " tag="700">
      <subfield code="a">Sebban, Marc.,</subfield>
      <subfield code="e">author.</subfield>
   </datafield>
   <datafield ind1=" " ind2="0" tag="830">
      <subfield code="a">Synthesis digital library of engineering and computer science.</subfield>
   </datafield>
   <datafield ind1=" " ind2="0" tag="830">
      <subfield code="a">Synthesis lectures on artificial intelligence and machine learning ;</subfield>
      <subfield code="v"># 30.</subfield>
      <subfield code="x">1939-4616</subfield>
   </datafield>
   <datafield ind1="4" ind2="0" tag="856">
      <subfield code="3">University of Alberta Access</subfield>
      <subfield code="u">http://dx.doi.org/10.2200/S00626ED1V01Y201501AIM030</subfield>
   </datafield>
   <datafield ind1=" " ind2=" " tag="949">
      <subfield code="h">UAIN</subfield>
      <subfield code="z">SYNTHDIG</subfield>
   </datafield>
   <datafield ind1=" " ind2=" " tag="926">
      <subfield code="a">Internet Access</subfield>
      <subfield code="w">LC</subfield>
      <subfield code="c">1</subfield>
      <subfield code="i">6813180-1001</subfield>
      <subfield code="l">INTERNET</subfield>
      <subfield code="m">UAINTERNET</subfield>
      <subfield code="r">Y</subfield>
      <subfield code="s">Y</subfield>
      <subfield code="t">E-RESOURCE</subfield>
      <subfield code="u">3/2/2015</subfield>
      <subfield code="x">E-BOOK</subfield>
      <subfield code="z">SYNTHDIG</subfield>
   </datafield>
</record>
